@article{powell2009late,
  title={Late Pleistocene demography and the appearance of modern human behavior},
  author={Powell, Adam and Shennan, Stephen and Thomas, Mark G},
  journal={Science},
  volume={324},
  number={5932},
  pages={1298--1301},
  year={2009},
  publisher={American Association for the Advancement of Science}
}

@article{henrich2004demography,
  title={Demography and cultural evolution: how adaptive cultural processes can produce maladaptive losses: the Tasmanian case},
  author={Henrich, Joseph},
  journal={American Antiquity},
  pages={197--214},
  year={2004},
  publisher={JSTOR}
}

@article{1982simulation,
  title={A Simulation Study on the Schooling Mechanism in Fish},
  author={Ichiro AOKI},
  journal={NIPPON SUISAN GAKKAISHI},
  volume={48},
  number={8},
  pages={1081-1088},
  year={1982},
  doi={10.2331/suisan.48.1081}
}

@article{huth1992simulation,
  title={The simulation of the movement of fish schools},
  author={Huth, Andreas and Wissel, Christian},
  journal={Journal of theoretical biology},
  volume={156},
  number={3},
  pages={365--385},
  year={1992},
  publisher={Elsevier}
}

@incollection{vcavce2007agent,
  title={Agent based modelling of communication costs: Why information can be free},
  author={{\v{C}}a{\v{c}}e, Ivana and Bryson, Joanna J},
  booktitle={Emergence of Communication and Language},
  pages={305--321},
  year={2007},
  publisher={Springer}
}

@article{agueh2011analysis,
  title={Analysis and simulations of a refined flocking and swarming model of Cucker-Smale type},
  author={Agueh, Martial and Illner, Reinhard and Richardson, Ashlin},
  journal={Kinetic and Related Models},
  volume={4},
  number={1},
  pages={1--16},
  year={2011}
}

@article{edwards2007revisiting,
  title={Revisiting L{\'e}vy flight search patterns of wandering albatrosses, bumblebees and deer},
  author={Edwards, Andrew M and Phillips, Richard A and Watkins, Nicholas W and Freeman, Mervyn P and Murphy, Eugene J and Afanasyev, Vsevolod and Buldyrev, Sergey V and da Luz, Marcos GE and Raposo, Ernesto P and Stanley, H Eugene and others},
  journal={Nature},
  volume={449},
  number={7165},
  pages={1044--1048},
  year={2007},
  publisher={Nature Publishing Group}
}